@inproceedings{QEMU,
   author = {Bellard, Fabrice},
   title = {QEMU, a Fast and Portable Dynamic Translator},
   booktitle = {Proceedings of the Annual Conference on USENIX Annual Technical Conference},
   series = {ATEC '05},
   year = {2005},
   location = {Anaheim, CA},
   pages = {41--41},
   numpages = {1},
   url = {http://dl.acm.org/citation.cfm?id=1247360.1247401},
   acmid = {1247401},
   publisher = {USENIX Association},
   address = {Berkeley, CA, USA},
} 

@article{DBLP:journals/corr/abs-1808-09700,
  author    = {George Klees and
               Andrew Ruef and
               Benji Cooper and
               Shiyi Wei and
               Michael Hicks},
  title     = {Evaluating Fuzz Testing},
  journal   = {CoRR},
  volume    = {abs/1808.09700},
  year      = {2018},
  url       = {http://arxiv.org/abs/1808.09700},
  archivePrefix = {arXiv},
  eprint    = {1808.09700},
  timestamp = {Tue, 04 Sep 2018 08:27:17 +0200},
  biburl    = {https://dblp.org/rec/bib/journals/corr/abs-1808-09700},
  bibsource = {dblp computer science bibliography, https://dblp.org}
}

@inproceedings{DRILLER,
  author    = {Nick Stephens and
               John Grosen and
               Christopher Salls and
               Andrew Dutcher and
               Ruoyu Wang and
               Jacopo Corbetta and
               Yan Shoshitaishvili and
               Christopher Kruegel and
               Giovanni Vigna},
  title     = {Driller: Augmenting Fuzzing Through Selective Symbolic Execution},
  booktitle = {23rd Annual Network and Distributed System Security Symposium, {NDSS}
               2016, San Diego, California, USA, February 21-24, 2016},
  year      = {2016},
  //crossref  = {DBLP:conf/ndss/2016},
  url       = {http://wp.internetsociety.org/ndss/wp-content/uploads/sites/25/2017/09/driller-augmenting-fuzzing-through-selective-symbolic-execution.pdf},
  timestamp = {Tue, 19 Jun 2018 01:00:00 +0200},
  biburl    = {https://dblp.org/rec/bib/conf/ndss/StephensGSDWCSK16},
  bibsource = {dblp computer science bibliography, https://dblp.org}
}

@article{angr,
  title={Firmalice - Automatic Detection of Authentication Bypass Vulnerabilities in Binary Firmware},
  author={Shoshitaishvili, Yan and Wang, Ruoyu and Hauser, Christophe and Kruegel, Christopher and Vigna, Giovanni},
  booktitle={NDSS},
  year={2015}
}


@inproceedings{libdft,
  author = {Kemerlis, Vasileios P. and Portokalidis, Georgios and Jee, Kangkook and Keromytis, Angelos D.},
  biburl = {https://www.bibsonomy.org/bibtex/2e1ac3557fe31644f0d71d924efdbc842/dblp},
  booktitle = {VEE},
  editor = {Hand, Steven and Silva, Dilma Da},
  ee = {https://doi.org/10.1145/2151024.2151042},
  interhash = {8c3e3326afbb338adc61016f8c7fed12},
  intrahash = {e1ac3557fe31644f0d71d924efdbc842},
  isbn = {978-1-4503-1176-2},
  keywords = {dblp},
  pages = {121-132},
  publisher = {ACM},
  timestamp = {2018-11-07T14:56:13.000+0100},
  title = {libdft: practical dynamic data flow tracking for commodity systems.},
  url = {http://dblp.uni-trier.de/db/conf/vee/vee2012.html#KemerlisPJK12},
  year = 2012
}


@inproceedings{vuzzer,
  title = {{VUzzer}: {Application}-aware {Evolutionary} {Fuzzing}},
  url = {https://www.vusec.net/download/?t=papers/vuzzer_ndss17.pdf},
  booktitle = {{NDSS}},
  author = {Rawat, Sanjay and Jain, Vivek and Kumar, Ashish and Cojocar, Lucian and Giuffrida, Cristiano and Bos, Herbert},
  month = feb,
  year = {2017},
  keywords = {class\_testing, proj\_sharcs, type\_ast, type\_conf, type\_top}
}

@techreport{Cavallaro07anti-taint-analysis:practical,
    author = {Lorenzo Cavallaro and Prateek Saxena and R. Sekar},
    title = {Anti-taint-analysis: Practical evasion techniques against information flow based malware defense},
    institution = {},
    year = {2007}
}

@book{PBA,
  author    = {Dennis Andriesse}, 
  title     = {Practical Binary Analysis: Build Your Own Linux Tools for Binary Instrumentation, Analysis, and Disassembly},
  publisher = {No Starch Press},
  year      = 2018,
  month     = 12,
  isbn      = {1593279124}
}

@misc{trailofbits-manticore,
  title  = "Manticore: Symbolic Execution for Humans",
  author = "Trail of Bits",
  howpublished = {\url{https://github.com/trailofbits/manticore}}
}

@misc{CVEstats,
  author = {cvedetails.com},
  title = {Vulnerabilities By Date},
  year = 2019,
  url = {https://www.cvedetails.com/browse-by-date.php},
  urldate = {2019-03-01}
}

@misc{moflow,
  author = {Cisco Talos},
  title = {moflow},
  url = {https://www.talosintelligence.com/moflow},
  urldate = {2019-05-01}
}

@misc{AFL,
  title = {American Fuzzy Loop},
  urldate = {2019-05-01},
  url = {http://lcamtuf.coredump.cx/afl}
}

@misc{QDBI,
  title = {QDBI},
  urldate = {2019-05-01},
  url = {https://qbdi.quarkslab.com/}
}

@article{VALGRIND,
   author = {Nethercote, Nicholas and Seward, Julian},
   title = {Valgrind: A Framework for Heavyweight Dynamic Binary Instrumentation},
   journal = {SIGPLAN Not.},
   issue_date = {June 2007},
   volume = {42},
   number = {6},
   month = jun,
   year = {2007},
   issn = {0362-1340},
   pages = {89--100},
   numpages = {12},
   url = {http://doi.acm.org/10.1145/1273442.1250746},
   doi = {10.1145/1273442.1250746},
   acmid = {1250746},
   publisher = {ACM},
   address = {New York, NY, USA},
   keywords = {Memcheck, Valgrind, dynamic binary analysis, dynamic binary instrumentation, shadow values},
}

@article{PIN,
 author = {Luk, Chi-Keung and Cohn, Robert and Muth, Robert and Patil, Harish and Klauser, Artur and Lowney, Geoff and Wallace, Steven and Reddi, Vijay Janapa and Hazelwood, Kim},
 title = {Pin: Building Customized Program Analysis Tools with Dynamic Instrumentation},
 journal = {SIGPLAN Not.},
 issue_date = {June 2005},
 volume = {40},
 number = {6},
 month = jun,
 year = {2005},
 issn = {0362-1340},
 pages = {190--200},
 numpages = {11},
 url = {http://doi.acm.org/10.1145/1064978.1065034},
 doi = {10.1145/1064978.1065034},
 acmid = {1065034},
 publisher = {ACM},
 address = {New York, NY, USA},
 keywords = {dynamic compilation, instrumentation, program analysis tools},
} 

@conference{203944,
  author = {Kostya Serebryany},
  title = {OSS-Fuzz - Google{\textquoteright}s continuous fuzzing service for open source software},
  year = {2017},
  address = {Vancouver, BC},
  publisher = {{USENIX} Association},
}

@article{SurveySymExec,
  author    = {Baldoni, Roberto and Coppa, Emilio and D'Elia, Daniele Cono and Demetrescu, Camil and Finocchi, Irene},
  title     = {A Survey of Symbolic Execution Techniques},
  journal   = {ACM Comput. Surv.},
  volume    = {51},
  number = {3},
  articleno = {50},
  publisher = {ACM},
  address = {New York, NY, USA},
  year = {2018}
}

@inproceedings{Schwartz,
 author = {Schwartz, Edward J. and Avgerinos, Thanassis and Brumley, David},
 title = {All You Ever Wanted to Know About Dynamic Taint Analysis and Forward Symbolic Execution (but Might Have Been Afraid to Ask)},
 booktitle = {Proceedings of the 2010 IEEE Symposium on Security and Privacy},
 series = {SP '10},
 year = {2010},
 isbn = {978-0-7695-4035-1},
 pages = {317--331},
 numpages = {15},
 url = {http://dx.doi.org/10.1109/SP.2010.26},
 doi = {10.1109/SP.2010.26},
 acmid = {1849981},
 publisher = {IEEE Computer Society},
 address = {Washington, DC, USA},
 keywords = {taint analysis, symbolic execution, dynamic analysis},
}

@mics{Taintgrind,
	title = {Taintgrind git repository},
  urldate = {2019-05-01},
  url = {https://github.com/wmkhoo/taintgrind},
	note={\url{https://github.com/wmkhoo/taintgrind}}
}

@article{yusmt,
	key = {9},
	author = {Dennis Yurichev},
	title = {Quick introduction into SAT/SMT solvers and symbolic
execution},
	note={\url{https://yurichev.com/writings/SAT_SMT_by_example.pdf}}
}

@proceedings{Triton,
  author    = {Florent Saudel and Jonathan Salwan},
  title     = {Triton: A Dynamic Symbolic Execution Framework},
  booktitle = {Symposium sur la s{\'{e}}curit{\'{e}} des technologies de
               l'information et des communications, SSTIC, France, Rennes,
               June 3-5 2015},
  publisher = {SSTIC},
  pages     = {31--54},
  year      = {2015},
}

@article{Angora,
  author    = {Peng Chen and
               Hao Chen},
  title     = {Angora: Efficient Fuzzing by Principled Search},
  journal   = {CoRR},
  volume    = {abs/1803.01307},
  year      = {2018},
  url       = {http://arxiv.org/abs/1803.01307},
  archivePrefix = {arXiv},
  eprint    = {1803.01307},
  timestamp = {Mon, 13 Aug 2018 16:46:10 +0200},
  biburl    = {https://dblp.org/rec/bib/journals/corr/abs-1803-01307},
  bibsource = {dblp computer science bibliography, https://dblp.org}
}

@article{Z3,
    key = {6},
    title = {Z3 offical site},
    note={\url{https://github.com/z3prover}}
}

@article{Roaring,
  author    = {Daniel Lemire and
               Owen Kaser and
               Nathan Kurz and
               Luca Deri and
               Chris O'Hara and
               Fran{\c{c}}ois Saint{-}Jacques and
               Gregory Ssi Yan Kai},
  title     = {Roaring Bitmaps: Implementation of an Optimized Software Library},
  journal   = {CoRR},
  volume    = {abs/1709.07821},
  year      = {2017},
  url       = {http://arxiv.org/abs/1709.07821},
  archivePrefix = {arXiv},
  eprint    = {1709.07821},
  timestamp = {Mon, 13 Aug 2018 16:49:15 +0200},
  biburl    = {https://dblp.org/rec/bib/journals/corr/abs-1709-07821},
  bibsource = {dblp computer science bibliography, https://dblp.org}
}

@article{Alt-Ergo,
    key = {8},
    title = {Alt-Ergo ffical site},
    note={\url{http://alt-ergo.lri.fr/}}
}


@article{r2,
    key = {10},
    title = {radare2 offical site},
    note={\url{https://rada.re/r/}}
}

@article{gdb-dashboard,
    key = {11},
    title = {Gdb-dashboard git repository},
    note={\url{https://github.com/cyrus-and/gdb-dashboard}}
}

@article{Rune,
    key = {12},
    title = {Rune git repository},
    note={\url{https://github.com/radareorg/rune}}
}

@article{esil-rs,
    key = {13},
    title = {Esil-rs forked repository},
    note={\url{https://github.com/capgelka/esil-rs}}
}

@article{pyesil,
    key = {14},
    title = {Esil-rs python module git repository},
    note={\url{https://github.com/capgelka/pyesil}}
}


@article{pysmt,
    key = {15},
    title = {Pysmt pypi repository},
    note={\url{https://pypi.org/project/pySMT/}}
}
